@InProceedings{Schabus17,
  Author    = {Dietmar Schabus and Marcin Skowron and Martin Trapp},
  Title     = {One Million Posts: A Data Set of German Online Discussions},
  Booktitle = {Proceedings of the 40th International ACM SIGIR Conference on Research and Development in Information Retrieval (SIGIR)},
  Pages     = {1241--1244},
  Year      = {2017},
  Address   = {Tokyo, Japan},
  Doi       = {10.1145/3077136.3080711},
  Month     = aug
}

@InProceedings{Schabus18,
  author    = {Dietmar Schabus and Marcin Skowron},
  title     = {Academic-Industrial Perspective on the Development and Deployment of a Moderation System for a Newspaper Website},
  booktitle = {Proceedings of the 11th International Conference on Language Resources and Evaluation (LREC)},
  year      = {2018},
  address   = {Miyazaki, Japan},
  month     = may,
  pages     = {1602-1605},
  url       = {http://www.lrec-conf.org/proceedings/lrec2018/summaries/8885.html},
}
